@book{Chrostowski_2015,
  doi = {10.1017/cbo9781316084168},
  url = {http://dx.doi.org/10.1017/cbo9781316084168},
  year = {2015},
  publisher = {Cambridge University Press ({CUP})},
  author = {Lukas Chrostowski and Michael Hochberg},
  title = {{Silicon Photonics Design}},
}


@article{cite:8,
  author = {R. Liouville and G. Bernoulli},
  title = {{On the Positivity of Conditionally Closed, Right-Simply Contravariant Scalars}},
  journal = {{J}ournal of Numerical Geometry},
  month = {aug},
  year = {1993},
  volume = {6},
  pages = {152--191},
}


@article{cite:2,
  author = {Q. Smith},
  title = {{${\ell}$-Multiply Contra-One-to-One Paths over Semi-Almost Everywhere Negative Isomorphisms}},
  journal = {{J}ournal of Homological Model Theory},
  month = {sep},
  year = {2003},
  volume = {7},
  pages = {1408--1423},
}


@article{cite:0,
  author = {Q. Tate and L. Garcia and G. Banach},
  title = {{Regularity Methods in Fuzzy Number Theory}},
  journal = {{A}rchives of the {M}oldovan {M}athematical {S}ociety},
  month = {aug},
  year = {1995},
  volume = {0},
  pages = {78--93},
}


@article{Pepe_Kurtz_2012,
  title = {{A Measure of Total Research Impact Independent of Time and Discipline}},
  volume = {7},
  url = {http://dx.doi.org/10.1371/journal.pone.0046428},
  doi = {10.1371/journal.pone.0046428},
  number = {11},
  journal = {PLoS ONE},
  publisher = {Public Library of Science},
  author = {Pepe, Alberto and Kurtz, Michael J.},
  editor = {Browman, HowardEditor},
  year = {2012},
  month = {Nov},
  pages = {e46428},
}


@inbook{Aad_Castelluccia_2001,
  title = {{Differentiation mechanisms for IEEE 802.11}},
  isbn = {0-7803-7016-3},
  url = {http://dx.doi.org/10.1109/INFCOM.2001.916703},
  doi = {10.1109/INFCOM.2001.916703},
  booktitle = {Proceedings IEEE INFOCOM 2001. Conference on Computer Communications. Twentieth Annual Joint Conference of the IEEE Computer and Communications Society (Cat. No.01CH37213)},
  publisher = {Institute of Electrical and Electronics Engineers},
  author = {Aad, I. and Castelluccia, C.},
  year = {2001},
  pages = {209-218},
}


@article{Bojko_2011,
  doi = {10.1116/1.3653266},
  url = {http://dx.doi.org/10.1116/1.3653266},
  year = {2011},
  publisher = {American Vacuum Society},
  volume = {29},
  number = {6},
  pages = {06F309},
  author = {Richard J. Bojko and Jing Li and Li He and Tom Baehr-Jones and Michael Hochberg and Yukinori Aida},
  title = {{Electron beam lithography writing strategies for low loss high confinement silicon optical waveguides}},
  journal = {Journal of Vacuum Science {\&} Technology B: Microelectronics and Nanometer Structures},
}


@incollection{Chrostowski,
  doi = {10.1017/cbo9781316084168.013},
  url = {http://dx.doi.org/10.1017/cbo9781316084168.013},
  publisher = {Cambridge University Press ({CUP})},
  pages = {381--405},
  author = {Lukas Chrostowski and Michael Hochberg},
  title = {{Testing and packaging}},
  booktitle = {Silicon Photonics Design},
}


@article{Wang_2014,
  doi = {10.1364/oe.22.020652},
  url = {http://dx.doi.org/10.1364/oe.22.020652},
  year = {2014},
  month = {aug},
  publisher = {The Optical Society},
  volume = {22},
  number = {17},
  pages = {20652},
  author = {Yun Wang and Xu Wang and Jonas Flueckiger and Han Yun and Wei Shi and Richard Bojko and Nicolas A. F. Jaeger and Lukas Chrostowski},
  title = {{Focusing sub-wavelength grating couplers with low back reflections for rapid prototyping of silicon photonic circuits}},
  journal = {Opt. Express},
}
